<?xml version="1.0" encoding="UTF-8"?><collection xmlns="http://www.loc.gov/MARC21/slim"><record><leader>00480nam--2200157-i-4500</leader><controlfield tag="001">000005212</controlfield><controlfield tag="002">20161230</controlfield><controlfield tag="005">20161230201026</controlfield><controlfield tag="008">060222s1000------------r-----000-0-eng-d</controlfield><datafield ind1="1" ind2=" " tag="100"><subfield code="a">Cogan, Edward J.And Norman, Robert Z</subfield></datafield><datafield ind1="1" ind2="0" tag="245"><subfield code="a">Handbook of calculus, difference and differential equations</subfield></datafield><datafield ind1=" " ind2=" " tag="260"><subfield code="a">Englewood Cliffs, N.J., Prentice-hall,1958</subfield></datafield><datafield ind1=" " ind2=" " tag="300"><subfield code="a">XII +267P</subfield></datafield><datafield ind1=" " ind2=" " tag="490"><subfield code="a">Prentice-hall Mathematical Series</subfield></datafield><datafield ind1=" " ind2=" " tag="852"><subfield code="a">15757</subfield><subfield code="c">517.9</subfield></datafield><datafield ind1=" " ind2=" " tag="CAT"><subfield code="a">Sys</subfield><subfield code="c">20080930</subfield><subfield code="h">115551</subfield></datafield></record></collection>